@book{asimov1950irobot,
  author    = {Isaac Asimov},
  title     = {I, Robot},
  publisher = {Gnome Press},
  year      = {1950},
  address   = {New York}
}

@book{svevo1923coscienza,
  author    = {Italo Svevo},
  title     = {La coscienza di Zeno},
  publisher = {L. Cappelli Editore},
  year      = {1923},
  address   = {Bologna}
}

@book{pirandello1926uno,
  author    = {Luigi Pirandello},
  title     = {Uno, nessuno e centomila},
  publisher = {R. Bemporad e Figli},
  year      = {1926},
  address   = {Firenze}
}
